<record><leader>00000cas a22000007a 4500</leader><controlfield tag="001">11168535</controlfield><controlfield tag="008">840918d18711881inuwr ne      0    0eng d</controlfield><datafield ind1=" " ind2=" " tag="010"><subfield code="a">sn 84037978 </subfield></datafield><datafield ind1=" " ind2=" " tag="040"><subfield code="a">NPX</subfield><subfield code="b">eng</subfield><subfield code="c">NPX</subfield><subfield code="d">NPU</subfield><subfield code="d">NPI</subfield><subfield code="d">OCLCQ</subfield></datafield><datafield ind1=" " ind2=" " tag="042"><subfield code="a">msc</subfield></datafield><datafield ind1="0" ind2="4" tag="245"><subfield code="a">The Noblesville ledger.</subfield></datafield><datafield ind1=" " ind2=" " tag="260"><subfield code="a">Noblesville, Ind. :</subfield><subfield code="b">[Bodenhamer &amp; Taylor]</subfield></datafield><datafield ind1=" " ind2=" " tag="300"><subfield code="a">v. :</subfield><subfield code="b">ill. (chiefly advertisements) ;</subfield><subfield code="c">63 cm.</subfield></datafield><datafield ind1=" " ind2=" " tag="310"><subfield code="a">Weekly</subfield></datafield><datafield ind1="1" ind2=" " tag="362"><subfield code="a">Began with Sept. 8, 1871 issue.</subfield><subfield code="z">Cf. Miller, John W. Indiana newspaper bibliog.</subfield></datafield><datafield ind1="0" ind2=" " tag="362"><subfield code="a">-v. 10, no. 31 (Mar. 22, 1881).</subfield></datafield><datafield ind1=" " ind2=" " tag="500"><subfield code="a">Publishers' names from Miller.</subfield></datafield><datafield ind1=" " ind2=" " tag="500"><subfield code="a">Publishers: Bodenhamer &amp; Miles, 1871-1872; Bodenhamer &amp; Taylor, 1872-1876; Bodenhamer &amp; Miles, &lt;1876&gt;.</subfield></datafield><datafield ind1=" " ind2=" " tag="588"><subfield code="a">Description based on: Vol. 2, no. 5 (Aug. 15, 1873).</subfield></datafield><datafield ind1=" " ind2=" " tag="752"><subfield code="a">United States</subfield><subfield code="b">Indiana</subfield><subfield code="c">Hamilton</subfield><subfield code="d">Noblesville.</subfield></datafield><datafield ind1="0" ind2="4" tag="780"><subfield code="t">Hamilton County register</subfield><subfield code="w">(DLC)sn 86058661</subfield></datafield><datafield ind1="0" ind2="4" tag="780"><subfield code="t">Commercial (Noblesville, Ind.)</subfield></datafield><datafield ind1="0" ind2="7" tag="785"><subfield code="t">Noblesville Republican</subfield><subfield code="w">(DLC)sn 86058666</subfield></datafield><datafield ind1="0" ind2="7" tag="785"><subfield code="t">Republican-ledger (Noblesville, Ind.)</subfield><subfield code="w">(DLC)sn 85038033</subfield></datafield><datafield ind1="1" ind2=" " tag="029"><subfield code="a">AU@</subfield><subfield code="b">000025817349</subfield></datafield></record>